<record><leader>00000cas a22000007a 4500</leader><controlfield tag="001">11796215</controlfield><controlfield tag="008">850312d19131918iauwr ne      0    0eng d</controlfield><datafield ind1=" " ind2=" " tag="010"><subfield code="a">sn 85050759 </subfield></datafield><datafield ind1=" " ind2=" " tag="040"><subfield code="a">INP</subfield><subfield code="b">eng</subfield><subfield code="c">INP</subfield><subfield code="d">OCLCQ</subfield></datafield><datafield ind1=" " ind2=" " tag="042"><subfield code="a">msc</subfield></datafield><datafield ind1="0" ind2="0" tag="245"><subfield code="a">Ames weekly tribune.</subfield></datafield><datafield ind1=" " ind2=" " tag="260"><subfield code="a">Ames, Iowa :</subfield><subfield code="b">Tribune Pub. Co.,</subfield><subfield code="c">1913-1918.</subfield></datafield><datafield ind1=" " ind2=" " tag="300"><subfield code="a">7 v. :</subfield><subfield code="b">ill. ;</subfield><subfield code="c">54 cm.</subfield></datafield><datafield ind1=" " ind2=" " tag="310"><subfield code="a">Weekly</subfield></datafield><datafield ind1="0" ind2=" " tag="362"><subfield code="a">Vol. 46, no. 33 (May 15, 1913)-v. 52, no. 15 (Mar. 28, 1918).</subfield></datafield><datafield ind1=" " ind2=" " tag="500"><subfield code="a">Originally edited by: Paul Maclean.</subfield></datafield><datafield ind1=" " ind2=" " tag="752"><subfield code="a">United States</subfield><subfield code="b">Iowa</subfield><subfield code="c">Story</subfield><subfield code="d">Ames.</subfield></datafield><datafield ind1="0" ind2="0" tag="780"><subfield code="t">Ames intelligencer (Ames, Iowa : 1913)</subfield><subfield code="w">(DLC)sn 91056021</subfield></datafield><datafield ind1="0" ind2="0" tag="785"><subfield code="t">Ames tri-weekly tribune</subfield><subfield code="w">(DLC)sn 85050768</subfield></datafield></record>